<?xml version="1.0" encoding="UTF-8"?><collection xmlns="http://www.loc.gov/MARC21/slim"><record><leader>00411nam--2200169-i-4500</leader><controlfield tag="001">000041227</controlfield><controlfield tag="002">20161230</controlfield><controlfield tag="005">20161230201043</controlfield><controlfield tag="008">060222s1000------------r-----000-0-eng-d</controlfield><datafield ind1=" " ind2=" " tag="040"><subfield code="a">IFIN-HH</subfield></datafield><datafield ind1=" " ind2=" " tag="080"><subfield code="a">539.12</subfield></datafield><datafield ind1="1" ind2=" " tag="100"><subfield code="a">Sen,D.K</subfield></datafield><datafield ind1="1" ind2="0" tag="245"><subfield code="a">Fields and/or particles</subfield><subfield code="c">D.k. sen</subfield></datafield><datafield ind1=" " ind2=" " tag="260"><subfield code="a">Toronto</subfield><subfield code="b">The Ryerson Press</subfield><subfield code="c">1968</subfield></datafield><datafield ind1=" " ind2=" " tag="300"><subfield code="a">X+139 P</subfield></datafield><datafield ind1=" " ind2=" " tag="852"><subfield code="a">28726</subfield><subfield code="c">539.12</subfield></datafield><datafield ind1=" " ind2=" " tag="CAT"><subfield code="a">Sys</subfield><subfield code="c">20111116</subfield><subfield code="h">092134</subfield></datafield></record></collection>